@book{author2023example,
	author    = {Autor Name},
	title     = {Beispieltitel des Buches},
	year      = {2023},
	publisher = {Verlag},
}

@misc{reactselect,
	author       = {Jed Watson and contributors},
	title        = {React-Select},
	url          = {https://www.npmjs.com/package/react-select},
	urldate      = {2025-04-09}
}

@misc{sequelizedoku,
	author       = {Sequelize Contributors},
	title        = {Sequelize Documentation},
	url          = {https://sequelize.org/docs/v6/core-concepts/model-querying-finders/},
	urldate      = {2025-04-09}
}

@misc{demographicdata,
	author       = {Carina RÃ¶mermann},
	title        = {Was ist bei soziodemografischen Angaben in Befragungen zu beachten?},
	url          = {https://www.rogator.de/soziodemografischen-angaben-mitarbeiterbefragungen/},
	urldate      = {2025-04-09}
}